@CONTROL{REVTEX41Control}
@CONTROL{apsrev41Control,author="48",editor="1",pages="1",title="0",year="0"}

@article{Roux,
	Author = {Roux, Kyle J and Kim, Dae In and Raida, Manfred and Burke, Brian},
	Journal = {J Cell Biol},
	Month = {Mar},
	Number = {6},
	Pages = {801--810},
	Title = {A promiscuous biotin ligase fusion protein identifies proximal and interacting proteins in mammalian cells},
	Volume = {196},
	Year = {2012}}

@article{De,
	Author = {De Vivo, Darryl C. and Trifiletti, Rosario R. and Jacobson, Ronald I. and Ronen, Gabriel M. and Behmand, Ramin A. and Harik, Sami I.},
	Journal = {New England Journal of Medicine},
	Month = {2017/01/04},
	Number = {10},
	Pages = {703--709},
	Title = {Defective Glucose Transport across the Blood-Brain Barrier as a Cause of Persistent Hypoglycorrhachia, Seizures, and Developmental Delay},
	Volume = {325},
	Year = {1991}}

@article{Gibson,
	Author = {Gibson, Toby J. and Dinkel, Holger and Van Roey, Kim and Diella, Francesca},
	Journal = {Cell Communication and Signaling},
	Number = {1},
	Pages = {42},
	Title = {Experimental detection of short regulatory motifs in eukaryotic proteins: tips for good practice as well as for bad},
	Volume = {13},
	Year = {2015}}

@article{Kirchner,
	Author = {Kirchner, Marieluise and Selbach, Matthias},
	Journal = {Methods Mol Biol},
	Pages = {175--199},
	Title = {In vivo quantitative proteome profiling: planning and evaluation of SILAC experiments},
	Volume = {893},
	Year = {2012}}

@article{Slaughter,
	Author = {Slaughter, Laurel and Vartzelis, George and Arthur, Todd},
	Journal = {Epilepsy Res},
	Month = {Apr},
	Number = {2-3},
	Pages = {254--256},
	Title = {New GLUT-1 mutation in a child with treatment-resistant epilepsy},
	Volume = {84},
	Year = {2009}}

@article{Uyar,
	Author = {Uyar, Bora and Weatheritt, Robert J and Dinkel, Holger and Davey, Norman E and Gibson, Toby J},
	Journal = {Mol Biosyst},
	Month = {Oct},
	Number = {10},
	Pages = {2626--2642},
	Title = {Proteome-wide analysis of human disease mutations in short linear motifs: neglected players in cancer?},
	Volume = {10},
	Year = {2014}}

@article{Meyer,
	Author = {Meyer, Katrina and Selbach, Matthias},
	Journal = {Frontiers in Genetics},
	Pages = {237},
	Title = {Quantitative affinity purification mass spectrometry: a versatile technology to study protein--protein interactions},
	Volume = {6},
	Year = {2015}}

@article{Pascual,
	Author = {Pascual, Juan M and Wang, Dong and Yang, Ru and Shi, Lei and Yang, Hong and De Vivo, Darryl C},
	Journal = {The Journal of Biological Chemistry},
	Month = {06},
	Number = {24},
	Pages = {16732--16742},
	Title = {Structural Signatures and Membrane Helix 4 in GLUT1: INFERENCES FROM HUMAN BLOOD-BRAIN GLUCOSE TRANSPORT MUTANTS},
	Volume = {283},
	Year = {2008}}

@article{Traub,
	Author = {Traub, Linton M.},
	Journal = {Nat Rev Mol Cell Biol},
	Month = {09},
	Number = {9},
	Pages = {583--596},
	Title = {Tickets to ride: selecting cargo for clathrin-regulated internalization},
	Volume = {10},
	Year = {2009}}
	

@article{Pandey,
	Author = {Pandey, Kailash N},
	Journal = {Front Biosci (Landmark Ed)},
	Month = {Jun},
	Pages = {5339--5360},
	Title = {Functional roles of short sequence motifs in the endocytosis of membrane receptors},
	Volume = {14},
	Year = {2009}}


@article{Dinkel,
	Author = {Dinkel, Holger and Van Roey, Kim and Michael, Sushama and Kumar, Manjeet and Uyar, Bora and Altenberg, Brigitte and Milchevskaya, Vladislava and Schneider, Melanie and K{\"u}hn, Helen and Behrendt, Annika and Dahl, Sophie Luise and Damerell, Victoria and Diebel, Sandra and Kalman, Sara and Klein, Steffen and Knudsen, Arne C and M{\"a}der, Christina and Merrill, Sabina and Staudt, Angelina and Thiel, Vera and Welti, Lukas and Davey, Norman E and Diella, Francesca and Gibson, Toby J},
	Journal = {Nucleic Acids Research},
	Month = {01},
	Number = {Database issue},
	Pages = {D294--D300},
	Title = {ELM 2016---data update and new functionality of the eukaryotic linear motif resource},
	Volume = {44},
	Year = {2016}}
	

@article{MUECKLER,
	Author = {MUECKLER, Mike},
	Journal = {European Journal of Biochemistry},
	Number = {3},
	Pages = {713--725},
	Title = {Facilitative glucose transporters},
	Volume = {219},
	Year = {1994}}


@article{Uldry,
	Author = {Uldry, Marc and Thorens, Bernard},
	Journal = {Pfl{\"u}gers Archiv},
	Number = {5},
	Pages = {480--489},
	Title = {The SLC2 family of facilitated hexose and polyol transporters},
	Volume = {447},
	Year = {2004}}


